<record><leader>00000cas a2200000 a 4500</leader><controlfield tag="001">11392717</controlfield><controlfield tag="008">841116d198u19uucauwr ne      0   a0eng c</controlfield><datafield ind1=" " ind2=" " tag="010"><subfield code="a">sn 84001868 </subfield></datafield><datafield ind1=" " ind2=" " tag="040"><subfield code="a">NSD</subfield><subfield code="b">eng</subfield><subfield code="c">NSD</subfield><subfield code="d">CNK</subfield><subfield code="d">OCLCQ</subfield><subfield code="d">OCLCF</subfield><subfield code="d">OCLCO</subfield></datafield><datafield ind1=" " ind2=" " tag="012"><subfield code="m">1</subfield></datafield><datafield ind1="1" ind2=" " tag="022"><subfield code="a">8750-4316</subfield><subfield code="l">8750-4316</subfield><subfield code="2">1</subfield></datafield><datafield ind1="1" ind2=" " tag="029"><subfield code="a">AU@</subfield><subfield code="b">000020375190</subfield></datafield><datafield ind1=" " ind2=" " tag="032"><subfield code="a">727870</subfield><subfield code="b">USPS</subfield></datafield><datafield ind1=" " ind2=" " tag="037"><subfield code="b">Desert Post, P.O. Box 459, Palm Desert, CA 92261</subfield></datafield><datafield ind1=" " ind2=" " tag="042"><subfield code="a">nsdp</subfield><subfield code="a">pcc</subfield></datafield><datafield ind1=" " ind2=" " tag="043"><subfield code="a">n-us-ca</subfield></datafield><datafield ind1=" " ind2="0" tag="222"><subfield code="a">Weekend desert post</subfield></datafield><datafield ind1="0" ind2="0" tag="245"><subfield code="a">Weekend desert post.</subfield></datafield><datafield ind1="1" ind2="7" tag="246"><subfield code="a">Desert post</subfield></datafield><datafield ind1=" " ind2=" " tag="260"><subfield code="a">Palm Desert, Calif. :</subfield><subfield code="b">Desert Community Newspapers</subfield></datafield><datafield ind1=" " ind2=" " tag="300"><subfield code="a">v.</subfield></datafield><datafield ind1=" " ind2=" " tag="310"><subfield code="a">Weekly</subfield></datafield><datafield ind1=" " ind2=" " tag="500"><subfield code="a">"Weekend" appears in smaller print above "Desert Post."</subfield></datafield><datafield ind1=" " ind2=" " tag="515"><subfield code="a">Numbering is irregular.</subfield></datafield><datafield ind1=" " ind2=" " tag="588"><subfield code="a">Description based on: Vol. 1, no. 23 (Aug. 31, 1984).</subfield></datafield><datafield ind1=" " ind2="0" tag="651"><subfield code="a">Coachella Valley (Calif.)</subfield><subfield code="v">Newspapers.</subfield></datafield><datafield ind1=" " ind2="0" tag="651"><subfield code="a">Palm Desert (Calif.)</subfield><subfield code="v">Newspapers.</subfield></datafield><datafield ind1=" " ind2="0" tag="651"><subfield code="a">Indio (Calif.)</subfield><subfield code="v">Newspapers.</subfield></datafield><datafield ind1=" " ind2="7" tag="655"><subfield code="a">Newspapers.</subfield><subfield code="2">fast</subfield><subfield code="0">(OCoLC)fst01423814</subfield></datafield><datafield ind1=" " ind2="7" tag="651"><subfield code="a">California</subfield><subfield code="z">Coachella Valley.</subfield><subfield code="2">fast</subfield><subfield code="0">(OCoLC)fst01239812</subfield></datafield><datafield ind1=" " ind2="7" tag="651"><subfield code="a">California</subfield><subfield code="z">Indio.</subfield><subfield code="2">fast</subfield><subfield code="0">(OCoLC)fst01214335</subfield></datafield><datafield ind1=" " ind2="7" tag="651"><subfield code="a">California</subfield><subfield code="z">Palm Desert.</subfield><subfield code="2">fast</subfield><subfield code="0">(OCoLC)fst01219032</subfield></datafield><datafield ind1=" " ind2=" " tag="752"><subfield code="a">United States</subfield><subfield code="b">California</subfield><subfield code="c">Riverside</subfield><subfield code="d">Palm Desert.</subfield></datafield><datafield ind1="0" ind2=" " tag="775"><subfield code="t">Palm Desert post (Palm Desert, Calif. : 1985)</subfield><subfield code="w">(DLC)sn 00060500</subfield></datafield><datafield ind1="0" ind2=" " tag="775"><subfield code="t">Desert post (Palm Desert, Calif. : 1989)</subfield><subfield code="w">(DLC)sn 00060501</subfield></datafield><datafield ind1=" " ind2=" " tag="936"><subfield code="a">Aug. 31, 1984</subfield></datafield></record>